
@article{arief2016,
	title = {Determinants of Vaccination Coverage and Consequences for Rabies Control in Bali, Indonesia.},
	author = {{Arief}, {Riana A} and {Hampson}, {Katie} and {Jatikusumah}, {Andri} and {Widyastuti}, {Maria D W} and {Sunandar}, {} and {Basri}, {Chaerul} and {Putra}, {Anak A G} and {Willyanto}, {Iwan} and {Estoepangestie}, {Agnes T S} and {Mardiana}, {I W} and {Kesuma}, {I K G N} and {Sumantra}, {I P} and {Doherty}, {Paul F} and {Salman}, {M D} and {Gilbert}, {Jeff} and {Unger}, {Fred}},
	year = {2016},
	date = {2016},
	journal = {Frontiers in veterinary science}
}

@article{hiby2017,
	title = {Scoping review of indicators and methods of measurement used to evaluate the impact of dog population management interventions},
	author = {{Hiby}, {Elly} and {Atema}, {Kate Nattrass} and {Brimley}, {Rebecca} and {Hammond-Seaman}, {Alexandra} and {Jones}, {Mark} and {Rowan}, {Andrew} and {Fogelberg}, {Emelie} and {Kennedy}, {Mark} and {Balaram}, {Deepashree} and {Nel}, {Louis} and {Cleaveland}, {Sarah} and {Hampson}, {Katie} and {Townsend}, {Sunny} and {Lembo}, {Tiziana} and {Rooney}, {Nicola} and {Whay}, {Helen Rebecca} and {Pritchard}, {Joy} and {Murray}, {Jane} and {van Dijk}, {Lisa} and {Waran}, {Natalie} and {Bacon}, {Heather} and {Knobel}, {Darryn} and {Tasker}, {Lou} and {Baker}, {Chris} and {Hiby}, {Lex}},
	year = {2017},
	date = {2017},
	journal = {BMC Veterinary Research}
}
